@Misc{hector,
  author =       {Kohlbrecher S., Meyer J.},
  title =        {hector\_slam},
  howpublished = {ROS package},
  year =         2012,
  note =         {Retrieved Mai 30, 2016 from
                  \url{http://wiki.ros.org/hector\_slam}},
  annote =       {URL}
},

@Misc{rplidar,
  author =       {Robopeak},
  title =        {rplidar},
  howpublished = {ROS package},
  year =         2014,
  note =         {Retrieved August 25, 2016 from
                  \url{http://wiki.ros.org/rplidar}},
  annote =       {URL}
},

@Misc{urg,
  author =       {Rockey C.},
  title =        {urg\_node},
  howpublished = {ROS package},
  year =         2013,
  note =         {Retrieved August 25, 2016 from
                  \url{http://wiki.ros.org/urg\_node}},
  annote =       {URL}
},

@Misc{i2c,
  author =       {Eskesen J.},
  title =        {i2c\_imu},
  howpublished = {ROS package},
  year =         2014,
  note =         {Retrieved August 25, 2016 from
                  \url{https://github.com/jeskesen/i2c\_imu}},
  annote =       {URL}
},

@Misc{blob,
  author =       {Forde C.},
  title =        {mpu9250 quaternion blob},
  howpublished = {Binary blob},
  year =         2014,
  note =         {Retrieved August 25, 2016 from
                  \url{https://github.com/Snowda/MPU9250}},
  annote =       {URL}
}